@article{marrero2019,
  author = {Marrero, Jos{\' e} and Garc{\' i}a, Alicia and Berrocoso, Manuel and Llinares, {\' A}ngeles and Rodr{\' i}guez-Losada, Antonio and Ortiz, R.},
  journal = {Journal of Applied Volcanology},
  year = {2019},
  month = {7},
  pages = {},
  title = {Strategies for the development of volcanic hazard maps in monogenetic volcanic fields: the example of {La} {Palma} ({Canary} {Islands})},
  volume = {8},
  doi = {10.1186/s13617-019-0085-5},
}

@article{rangel2024robust,
  title={A robust synthetic data generation framework for machine learning in high-resolution transmission electron microscopy (HRTEM)},
  author={Rangel DaCosta, Luis and Sytwu, Katherine and Groschner, CK and Scott, MC},
  journal={npj Computational Materials},
  volume={10},
  number={1},
  pages={165},
  year={2024},
  publisher={Nature Publishing Group UK London}
}